@misc{aichElasticWeightConsolidation2021,
  title = {Elastic {{Weight Consolidation}} ({{EWC}}): {{Nuts}} and {{Bolts}}},
  shorttitle = {Elastic {{Weight Consolidation}} ({{EWC}})},
  author = {Aich, Abhishek},
  year = {2021},
  month = may,
  number = {arXiv:2105.04093},
  eprint = {2105.04093},
  primaryclass = {cs, stat},
  publisher = {{arXiv}},
  urldate = {2023-11-19},
  archiveprefix = {arxiv},
  langid = {english},
}

@misc{davidlopez-pazGradientEpisodicMemory2022,
  title = {Gradient {{Episodic Memory}} for {{Continual Learning}}},
  author = {{David Lopez-Paz} and {Marc'Aurelio Ranzato}},
  year = {2022},
  month = sep,
  number = {arXiv:1706.08840},
  eprint = {1706.08840},
  primaryclass = {cs},
  publisher = {{arXiv}},
  urldate = {2023-09-28},
  archiveprefix = {arxiv},
  langid = {english},
  keywords = {Computer Science - Artificial Intelligence,Computer Science - Machine Learning},
}

@inproceedings{houLearningUnifiedClassifier2019,
  title = {Learning a {{Unified Classifier Incrementally}} via {{Rebalancing}}},
  booktitle = {2019 {{IEEE}}/{{CVF Conference}} on {{Computer Vision}} and {{Pattern Recognition}} ({{CVPR}})},
  author = {Hou, Saihui and Pan, Xinyu and Loy, Chen Change and Wang, Zilei and Lin, Dahua},
  year = {2019},
  month = jun,
  pages = {831--839},
  publisher = {{IEEE}},
  address = {{Long Beach, CA, USA}},
  doi = {10.1109/CVPR.2019.00092},
  urldate = {2023-11-10},
  isbn = {978-1-72813-293-8},
}

@article{kirkpatrickOvercomingCatastrophicForgetting2017,
  title = {Overcoming Catastrophic Forgetting in Neural Networks},
  author = {Kirkpatrick, James and Pascanu, Razvan and Rabinowitz, Neil and Veness, Joel and Desjardins, Guillaume and Rusu, Andrei A. and Milan, Kieran and Quan, John and Ramalho, Tiago and {Grabska-Barwinska}, Agnieszka and Hassabis, Demis and Clopath, Claudia and Kumaran, Dharshan and Hadsell, Raia},
  year = {2017},
  month = mar,
  journal = {Proceedings of the National Academy of Sciences},
  volume = {114},
  number = {13},
  eprint = {1612.00796},
  primaryclass = {cs, stat},
  pages = {3521--3526},
  issn = {0027-8424, 1091-6490},
  doi = {10.1073/pnas.1611835114},
  urldate = {2023-11-12},
  archiveprefix = {arxiv},
}

@inproceedings{liAdversarialMultimodalRepresentation2020,
  title = {Adversarial {{Multimodal Representation Learning}} for {{Click-Through Rate Prediction}}},
  booktitle = {Proceedings of {{The Web Conference}} 2020},
  author = {Li, Xiang and Wang, Chao and Tan, Jiwei and Zeng, Xiaoyi and Ou, Dan and Zheng, Bo},
  year = {2020},
  month = apr,
  eprint = {2003.07162},
  primaryclass = {cs, stat},
  pages = {827--836},
  doi = {10.1145/3366423.3380163},
  urldate = {2023-11-19},
  archiveprefix = {arxiv},
  langid = {english},
}

@inproceedings{rebuffiICaRLIncrementalClassifier2017,
  title = {{{iCaRL}}: {{Incremental Classifier}} and {{Representation Learning}}},
  shorttitle = {{{iCaRL}}},
  booktitle = {2017 {{IEEE Conference}} on {{Computer Vision}} and {{Pattern Recognition}} ({{CVPR}})},
  author = {Rebuffi, Sylvestre-Alvise and Kolesnikov, Alexander and Sperl, Georg and Lampert, Christoph H.},
  year = {2017},
  month = jul,
  pages = {5533--5542},
  publisher = {{IEEE}},
  address = {{Honolulu, HI}},
  doi = {10.1109/CVPR.2017.587},
  urldate = {2023-11-10},
  isbn = {978-1-5386-0457-1},
}


@incollection{MCCLOSKEY1989109,
  title = {{Catastrophic interference in connectionist networks: The sequential learning problem}},
  author = {McCloskey, Michael and Cohen, Neal J.},
  editor = {Bower, Gordon H.},
  year = {1989},
  series = {{Psychology of learning and motivation}},
  volume = {24},
  pages = {109--165},
  publisher = {{Academic Press}},
  issn = {0079-7421},
  doi = {10.1016/S0079-7421(08)60536-8}
}

@misc{rusu2016progressive,
  title = {{Progressive Neural Networks}},
  author = {Rusu, Andrei A. and Rabinowitz, Neil C. and Desjardins, Guillaume and Soyer, Hubert and Kirkpatrick, James and Kavukcuoglu, Koray and Pascanu, Razvan and Hadsell, Raia},
  year = {2022},
  month = oct,
  number = {arXiv:1606.04671},
  eprint = {1606.04671},
  primaryclass = {cs},
  publisher = {{arXiv}},
  urldate = {2023-11-29},
  archiveprefix = {arxiv},
}

@misc{fernando2017pathnet,
  title = {{PathNet: Evolution Channels Gradient Descent in Super Neural Networks}},
  shorttitle = {{PathNet}},
  author = {Fernando, Chrisantha and Banarse, Dylan and Blundell, Charles and Zwols, Yori and Ha, David and Rusu, Andrei A. and Pritzel, Alexander and Wierstra, Daan},
  year = {2017},
  month = jan,
  number = {arXiv:1701.08734},
  eprint = {1701.08734},
  primaryclass = {cs},
  publisher = {{arXiv}},
  urldate = {2023-11-29},
}


@article{kirkpatrick2017overcoming,
  title={Overcoming catastrophic forgetting in neural networks},
  author={Kirkpatrick, James and Pascanu, Razvan and Rabinowitz, Neil and Veness, Joel and Desjardins, Guillaume and Rusu, Andrei A and Milan, Kieran and Quan, John and Ramalho, Tiago and Grabska-Barwinska, Agnieszka and others},
  journal={Proceedings of the national academy of sciences},
  volume={114},
  number={13},
  pages={3521--3526},
  year={2017},
  publisher={National Acad Sciences}
}